@book{miner2012mapreduce,
  author = {Miner, Donald and Shook, Adam},
  isbn = {9781449327170 1449327176},
  keywords = {design mapreduce patterns},
  publisher = {Oreilly and Associates Inc},
  title = {{Mapreduce Design Patterns}},
  year = 2012
}

@book{perera2013mapreduce,
  author = {Srinath Perera, Thilina Gunarathne},
  isbn = {1849517290, 9781849517294},
  keywords = {recipes mapreduce},
  publisher = {Packt Publishing Ltd},
  title = {{Hadoop MapReduce Cookbook}},
  year = 2013
}


@book{owens2013mapreduce,
  author = {Jonathan R. Owens, Brian Femiano, Jon Lentz},
  isbn = {1849519129, 9781849519120},
  keywords = {real-world recipes mapreduce},
  publisher = {Packt Publishing Ltd},
  title = {{Hadoop Real-World Solutions Cookbook}},
  year = 2013
}




@inproceedings{Lin:2009:DTP:1620950.1620951,
 author = {Lin, Jimmy and Dyer, Chris},
 title = {{Data-intensive text processing with MapReduce}},
 booktitle = {Proceedings of Human Language Technologies: The 2009 Annual Conference of the North American Chapter of the Association for Computational Linguistics, Companion Volume: Tutorial Abstracts},
 series = {NAACL-Tutorials '09},
 year = {2009},
 location = {Boulder, Colorado},
 pages = {1--2},
 numpages = {2},
 url = {http://dl.acm.org/citation.cfm?id=1620950.1620951},
 acmid = {1620951},
 publisher = {Association for Computational Linguistics},
 address = {Stroudsburg, PA, USA},
} 


@article{Dean:2008:MSD:1327452.1327492,
 author = {Dean, Jeffrey and Ghemawat, Sanjay},
 title = {{MapReduce: simplified data processing on large clusters}},
 journal = {Commun. ACM},
 issue_date = {January 2008},
 volume = {51},
 number = {1},
 month = jan,
 year = {2008},
 issn = {0001-0782},
 pages = {107--113},
 numpages = {7},
 url = {http://doi.acm.org/10.1145/1327452.1327492},
 doi = {10.1145/1327452.1327492},
 acmid = {1327492},
 publisher = {ACM},
 address = {New York, NY, USA},
} 


@book{White:2009:HDG:1717298,
 author = {White, Tom},
 title = {{Hadoop: The Definitive Guide}},
 year = {2009},
 isbn = {0596521979, 9780596521974},
 edition = {1st},
 publisher = {O'Reilly Media, Inc.},
}


@book{Lam:2010:HA:1965594,
 author = {Lam, Chuck},
 title = {{Hadoop in Action}},
 year = {2010},
 isbn = {1935182196, 9781935182191},
 edition = {1st},
 publisher = {Manning Publications Co.},
 address = {Greenwich, CT, USA},
} 


@book{Witten:2005:DMP:1205860,
 author = {Witten, Ian H. and Frank, Eibe},
 title = {{Data Mining: Practical Machine Learning \\ Tools and Techniques}},
 year = {2005},
 isbn = {0120884070},
 publisher = {Morgan Kaufmann Publishers Inc.},
 address = {San Francisco, CA, USA},
} 





